@misc{Conference2023EIDA2023,
  title = {Conférence 2023 : {{Towards}} the {{EIDA}} Corpus for the History of Astronomical Diagrams},
  year = {2023},
  journal = {Eida Hypothèses},
  urldate = {2025-07-25},
  howpublished = {https://eida.hypotheses.org/conferences/conference}
}

@misc{Conference2024Graphic2024,
  title = {Conférence 2024 : {{Graphic Conventions}}, {{Visual Idioms}}, ({{Dis}}){{Similarity}} in {{Astronomical Diagrams}}},
  year = {2024},
  journal = {Eida Hypothèses},
  urldate = {2025-07-25},
  howpublished = {https://eida.hypotheses.org/conferences/conference-2024}
}

@misc{Conference2025Long2025,
  title = {Conférence 2025 : {{A}} Long History of Diagrammatization in the Astral Sciences},
  year = {2025},
  journal = {Eida Hypothèses},
  urldate = {2025-07-25},
  howpublished = {https://eida.hypotheses.org/conference-2025}
}

@incollection{costabelCLAUDEPTOLEMEE90,
  title = {{{CLAUDE PTOLÉMÉE}} (90 Env.-Env. 168)},
  booktitle = {Encyclopædia {{Universalis}}},
  author = {Costabel, Pierre},
  urldate = {2025-07-02},
  abstract = {Le nom de Ptolémée n'est guère connu aujourd'hui qu'en tant qu'il désigne un système : le système astronomique qui plaçait la Terre immobile au centre du monde et dont la mise en question, de Copernic à Newton, a commandé la révolution scientifique. Ce fut pourtant le nom d'une œuvre considérable, dont l'Almageste et ses élaborations astronomiques ne sont qu'une part. Œuvre très étendue – bien différente de l'image caricaturale qui eut longtemps cours –, sorte d'encyclopédie des connaissances d'une époque et qui s'est enrichie avec le temps au point de rendre difficile l'appréciation de son état originel. Œuvre sans cesse recopiée au cours des siècles, passant du grec à l'arabe et au latin, transmise à travers tout le bassin méditerranéen et dominant le Moyen Âge occidental après avoir conquis l'Islām.},
  copyright = {Encyclopædia Universalis France. Tous droits de propriété industrielle et intellectuelle réservés.},
  annotation = {Level: Avancé},
  file = {/home/lucie-ledieu/snap/zotero-snap/common/Zotero/storage/CHINHGCN/claude-ptolemee.html}
}

@misc{Home,
  title = {Home},
  journal = {EIDA},
  urldate = {2025-07-02},
  abstract = {EIDA is an ANR PRC project (ANR-22-CE38-0014) that was awarded during the 2022 session. The project aims at developing a new critique of astronomical diagrams of the 8th-18th centuries found in Chinese, Sanskrit, Persian/Arabic, Greek, Hebrew and Latin sources. This new critique is framed in the context of the digital humanities and will include an … Continue reading "Home"},
  langid = {american},
  file = {/home/lucie-ledieu/snap/zotero-snap/common/Zotero/storage/VK2BQ6VZ/eida.hypotheses.org.html}
}

@article{jardineCriticalEditingEarlyModern2010,
  title = {Critical {{Editing}} of {{Early-Modern Astronomical Diagrams}}},
  author = {Jardine, Boris and Jardine, Nicholas},
  year = {2010},
  month = aug,
  journal = {Journal for the History of Astronomy},
  volume = {41},
  number = {3},
  pages = {393--414},
  publisher = {SAGE Publications Ltd},
  doi = {10.1177/002182861004100307},
  urldate = {2025-07-02},
  file = {/home/lucie-ledieu/snap/zotero-snap/common/Zotero/storage/FG6WLTW8/Jardine et Jardine - 2010 - Critical Editing of Early-Modern Astronomical Diagrams.pdf}
}

@article{kalleliEditingAnalysingHistorical2023,
  title = {Editing and {{Analysing Historical Astronomical Diagrams}} with {{Artificial Intelligence}}},
  author = {Kalleli, Syrine and Trigg, Scott and Albouy, Ségolène and Gessner, Samuel and Husson, Mathieu and Aubry, Mathieu},
  year = {2023},
  abstract = {The EIDA project explores the historical use of astronomical diagrams across Asia, Africa, and Europe. We aim to develop automatic image analysis tools to analyze and edit these diagrams without human annotation, gaining a refined understanding of their role in shaping and transmitting astronomy. In this paper, we present a baseline method to detects lines and circles in historical diagrams, based on text removal, edge detection and RANSAC. We compare this strong baseline to a deep learning approach based on LETR. This work contributes to historical diagram vectorization, enabling novel methods of comparison and clustering, and offering fresh insights into the vast corpus of astronomical diagrams.},
  file = {/home/lucie-ledieu/snap/zotero-snap/common/Zotero/storage/5TQSMRHM/Kalleli et al. - 2023 - Editing and Analysing Historical Astronomical Diagrams with Artificial Intelligence.pdf}
}

@article{layAverroesAbregeDastronomie1998,
  title = {{Averroès : abrégé d'astronomie dans la version hébraïque de Jacob Anatoli}},
  shorttitle = {{Averroès}},
  author = {Lay, Juliane},
  year = {1998},
  journal = {Annuaires de l'École pratique des hautes études},
  volume = {129},
  number = {12},
  pages = {267--268},
  publisher = {École pratique des hautes études},
  doi = {10.3406/ephe.1998.10769},
  urldate = {2025-07-24},
  copyright = {free},
  langid = {fre}
}

@incollection{layAverroesHebraicusInedit2005,
  title = {{Un Averroes hebraicus inédit~: l'Abrégé de l’Almageste}},
  shorttitle = {{Un Averroes hebraicus inédit}},
  booktitle = {{Averroès et l’averroïsme : Un itinéraire historique du Haut Atlas à Paris et à Padoue}},
  author = {Lay, Juliane},
  editor = {Bazzana, André and Bériou, Nicole and Guichard, Pierre},
  year = {2005},
  series = {{Collection d’histoire et d’archéologie médiévales}},
  pages = {203--237},
  publisher = {Presses universitaires de Lyon},
  address = {Lyon},
  doi = {10.4000/books.pul.19600},
  urldate = {2025-07-23},
  copyright = {https://www.openedition.org/12554},
  isbn = {978-2-7297-1091-0},
  langid = {french}
}

@article{layLabregeLAlmagesteAttribue1990,
  title = {L'abrégé de l'{{Almageste}}, Attribué à {{Averroès}}, Dans Sa Version Hébraïque. {{Étude}} de La 1ère Partie},
  author = {Lay, Juliane},
  year = {1990},
  journal = {Annuaires de l'École pratique des hautes études},
  volume = {103},
  number = {99},
  pages = {501--505},
  publisher = {École pratique des hautes études},
  doi = {10.3406/ephe.1990.14528},
  urldate = {2025-07-23},
  copyright = {free}
}

@article{malpangottoGraphicalChoicesGeometrical2010,
  title = {Graphical {{Choices}} and {{Geometrical Thought}} in the {{Transmission}} of {{Theodosius}}’ {{Spherics}} from {{Antiquity}} to the {{Renaissance}}},
  author = {Malpangotto, Michela},
  year = {2010},
  month = jan,
  journal = {Archive for History of Exact Sciences},
  volume = {64},
  number = {1},
  pages = {75--112},
  publisher = {{Springer Science and Business Media LLC}},
  issn = {0003-9519, 1432-0657},
  doi = {10.1007/s00407-009-0054-1},
  urldate = {2025-07-24},
  abstract = {Spherical geometry studies the sphere not simply as a solid object in itself, but chiefly as the spatial context of the elements which interact on it in a complex threedimensional arrangement. This compels to establish graphical conventions appropriate for rendering on the same plane—the plane of the diagram itself—the spatial arrangement of the objects under consideration. We will investigate such “graphical choices” made in the Theodosius’ Spherics from antiquity to the Renaissance. Rather than undertaking a minute analysis of every particular element or single variant, we will try to uncover the more general message each author attempted to convey through his particular graphical choices. From this analysis, it emerges that the different kinds of representation are not the result of merely formal requirements but mirror substantial geometrical requirements expressing different ways of interpreting the sphere and testify to different ways of reasoning about the elements that interact on it.},
  copyright = {http://www.springer.com/tdm},
  langid = {english},
  file = {/home/lucie-ledieu/snap/zotero-snap/common/Zotero/storage/7GPSPSP3/Malpangotto - 2010 - Graphical Choices and Geometrical Thought in the Transmission of Theodosius’ Spherics from Antiquity.pdf}
}

@article{malpangottoGraphicalChoicesGeometrical2010a,
  title = {Graphical {{Choices}} and {{Geometrical Thought}} in the {{Transmission}} of {{Theodosius}}’ {{Spherics}} from {{Antiquity}} to the {{Renaissance}}},
  author = {Malpangotto, Michela},
  year = {2010},
  month = jan,
  journal = {Archive for History of Exact Sciences},
  volume = {64},
  number = {1},
  pages = {75--112},
  publisher = {{Springer Science and Business Media LLC}},
  issn = {0003-9519, 1432-0657},
  doi = {10.1007/s00407-009-0054-1},
  urldate = {2025-07-25},
  abstract = {Spherical geometry studies the sphere not simply as a solid object in itself, but chiefly as the spatial context of the elements which interact on it in a complex threedimensional arrangement. This compels to establish graphical conventions appropriate for rendering on the same plane—the plane of the diagram itself—the spatial arrangement of the objects under consideration. We will investigate such “graphical choices” made in the Theodosius’ Spherics from antiquity to the Renaissance. Rather than undertaking a minute analysis of every particular element or single variant, we will try to uncover the more general message each author attempted to convey through his particular graphical choices. From this analysis, it emerges that the different kinds of representation are not the result of merely formal requirements but mirror substantial geometrical requirements expressing different ways of interpreting the sphere and testify to different ways of reasoning about the elements that interact on it.},
  copyright = {http://www.springer.com/tdm},
  langid = {english},
  file = {/home/lucie-ledieu/snap/zotero-snap/common/Zotero/storage/ED3MKXMF/Malpangotto - 2010 - Graphical Choices and Geometrical Thought in the Transmission of Theodosius’ Spherics from Antiquity.pdf}
}

@incollection{meyerPAPPUS1999,
  title = {{PAPPUS}},
  booktitle = {{Encyclopædia Universalis}},
  author = {MEYER, Jacques},
  year = {1999},
  month = jan,
  publisher = {Encyclopædia Universalis},
  urldate = {2025-07-23},
  abstract = {Né probablement à Alexandrie vers 320, Pappus fut le dernier grand mathématicien de l'école d'Alexandrie. Son œuvre, moins considérable que celles d'Euclide, d'Archimède et d'Apollonios (écrites plus de cinq cents ans auparavant), mais venant après une longue période où les recherches s'étaient limitées à l'astronomie, à la trigonométrie et à l'algèbre, sut donner un nouvel essor à la géométrie.},
  copyright = {Encyclopædia Universalis France. Tous droits de propriété industrielle et intellectuelle réservés.},
  langid = {french},
  annotation = {Level: Avancé},
  file = {/home/lucie-ledieu/snap/zotero-snap/common/Zotero/storage/ULMDJEQ7/pappus.html}
}

@misc{pouliquenUsingLatticesReconstructing,
  title = {Using Lattices for Reconstructing Stemma},
  author = {Pouliquen, Marc Le},
  abstract = {The product of textual criticism is an edited text that the editor believes comes as close as possible to a lost original manuscript called the archetype. Usually, the editor compares different manuscripts of a single text, and represents it as an inverted tree showing all the steps in the transmission of a specific text, reconstructed by establishing relationships with other manuscripts. This tree is called the “stemma codicum”(cf. [7]). Because of the graphic proximity of the stemma with a semi-lattice, we propose to use two lattice construction techniques in order to reconstitute the filiation tree of manuscripts. First, we try the traditional methods to build the lattice of a binary relation (cf. [13]). Then a more specific solution to the problem is proposed. These techniques are finally tested on a real corpus of manuscripts by Rimbaud, “Les Effare´s” (cf. [17]).},
  langid = {english},
  file = {/home/lucie-ledieu/snap/zotero-snap/common/Zotero/storage/8BRN8QRG/Pouliquen - Using lattices for reconstructing stemma.pdf}
}

@unpublished{ptolemaeusPtolomeusAlmagestumTransl1213,
  type = {Manuscript},
  title = {Ptolomeus, {{Almagestum}}, Transl. a {{Gerardo Cremonense}}},
  author = {du texte Ptolemaeus, Claudius (0100?-0170?) Auteur and Traducteur, Gerardus Cremonensis (1114-1187) and Enlumineur, Maître de l’Almageste (ou Maître du Ptolémée de la Sorbonne)},
  year = {1213},
  urldate = {2025-07-23},
  abstract = {Ptolomeus, Almagestum, transl. a Gerardo Cremonense -- 1213 -- manuscrits},
  copyright = {domaine public},
  file = {/home/lucie-ledieu/snap/zotero-snap/common/Zotero/storage/C57AEQCT/btv1b525094719.html}
}

@book{ptolemeeCommentaireTheonDAlexandrie1822,
  title = {{Commentaire de Théon d'Alexandrie sur le livre III de l'"Almageste" de Ptolémée. (Suivi des) Tables manuelles des mouvemens des astres. Partie 2 / [Claude Ptolémée] ; trad... du grec... par M. l'abbé Halma,...}},
  author = {d'Alenxadrie , Théon and du texte Ptolémée, Claude (0100?-0170?) Auteur and du texte Fourier, Jean-Baptiste-Joseph (1768-1830) Auteur and du texte Ideler, Christian Ludwig (1766-1846) Auteur},
  year = {1822-1825},
  urldate = {2025-07-23},
  abstract = {Commentaire de Théon d'Alexandrie sur le livre III de l'"Almageste" de Ptolémée. (Suivi des) Tables manuelles des mouvemens des astres. Partie 2 / [Claude Ptolémée] ; trad... du grec... par M. l'abbé Halma,... -- 1822-1825 -- livre},
  copyright = {conditions spécifiques d'utilisation - Microformes et reprints},
  langid = {french},
  file = {/home/lucie-ledieu/snap/zotero-snap/common/Zotero/storage/A6MC94YU/bpt6k29016x.html}
}

@incollection{raymondjonesPtolemyAccomplishmentsBiography2025,
  title = {Ptolemy | {{Accomplishments}}, {{Biography}}, \& {{Facts}} | {{Britannica}}},
  booktitle = {Encyclopaedia {{Britannica}}},
  author = {Raymond Jones, Alexander},
  year = {2025},
  month = may,
  urldate = {2025-07-02},
  abstract = {Ptolemy was an astronomer, mathematician, and geographer who lived during the 2nd century CE. He is known for his geocentric (Earth-centred) model of the universe.},
  file = {/home/lucie-ledieu/snap/zotero-snap/common/Zotero/storage/JWUBFXX8/Ptolemy.html}
}

@article{raynaudBuildingStemmaCodicum2014,
  title = {Building the Stemma Codicum from Geometric Diagrams: {{A}} Treatise on Optics by {{Ibn}} al-{{Haytham}} as a Test Case},
  shorttitle = {Building the Stemma Codicum from Geometric Diagrams},
  author = {Raynaud, Dominique},
  year = {2014},
  month = mar,
  journal = {Archive for History of Exact Sciences},
  doi = {10.1007/s00407-013-0134-0},
  urldate = {2025-07-02},
  abstract = {PDF | In view of the progress made in recent decades in the fields of stemmatology and the analysis of geometric diagrams, the present article explores... | Find, read and cite all the research you need on ResearchGate},
  file = {/home/lucie-ledieu/snap/zotero-snap/common/Zotero/storage/VP9PCWY4/263337787_Building_the_stemma_codicum_from_geometric_diagrams_A_treatise_on_optics_by_Ibn_al-Ha.html}
}

@article{saitoTraditionsDiagramTradition2012,
  title = {Traditions of the Diagram, Tradition of the Text: {{A}} Case Study},
  shorttitle = {Traditions of the Diagram, Tradition of the Text},
  author = {Saito, Ken},
  year = {2012},
  journal = {Synthese},
  volume = {186},
  number = {1},
  eprint = {41494921},
  eprinttype = {jstor},
  pages = {7--20},
  publisher = {Springer},
  issn = {0039-7857},
  urldate = {2025-07-24},
  abstract = {After explaining general characteristics such as overspecification, found in the diagrams of Greek manuscripts of Euclid's Elements, diagrams in some propositions of Book III are examined in detail. Codex P (Vat. gr. 190) and b (Bologna) are common in avoiding overspecification in a couple of propositions. However, further examination of diagrams of Book III in other manuscripts including those in the Arabic tradition, and collation of the text suggest that the common feature in the diagrams of codex P and b is rather due either to independent efforts to avoid overspecification or to contamination of traditions. It is codex F (Florence, Laurenziana 28.3) that most often coincides with codex P in Book III.},
  file = {/home/lucie-ledieu/snap/zotero-snap/common/Zotero/storage/GNJGH7XC/Saito - 2012 - Traditions of the diagram, tradition of the text A case study.pdf}
}

@misc{shenDiscoveringVisualPatterns2019,
  title = {Discovering {{Visual Patterns}} in {{Art Collections}} with {{Spatially-consistent Feature Learning}}},
  author = {Shen, Xi and Efros, Alexei A. and Aubry, Mathieu},
  year = {2019},
  month = mar,
  number = {arXiv:1903.02678},
  eprint = {1903.02678},
  primaryclass = {cs},
  publisher = {arXiv},
  doi = {10.48550/arXiv.1903.02678},
  urldate = {2025-07-02},
  abstract = {Our goal in this paper is to discover near duplicate patterns in large collections of artworks. This is harder than standard instance mining due to differences in the artistic media (oil, pastel, drawing, etc), and imperfections inherent in the copying process. Our key technical insight is to adapt a standard deep feature to this task by fine-tuning it on the specific art collection using self-supervised learning. More specifically, spatial consistency between neighbouring feature matches is used as supervisory fine-tuning signal. The adapted feature leads to more accurate style-invariant matching, and can be used with a standard discovery approach, based on geometric verification, to identify duplicate patterns in the dataset. The approach is evaluated on several different datasets and shows surprisingly good qualitative discovery results. For quantitative evaluation of the method, we annotated 273 near duplicate details in a dataset of 1587 artworks attributed to Jan Brueghel and his workshop1. Beyond artworks, we also demonstrate improvement on localization on the Oxford5K photo dataset as well as on historical photograph localization on the Large Time Lags Location (LTLL) dataset.},
  archiveprefix = {arXiv},
  keywords = {Computer Science - Computer Vision and Pattern Recognition},
  file = {/home/lucie-ledieu/snap/zotero-snap/common/Zotero/storage/TZ7ALDPK/Shen et al. - 2019 - Discovering Visual Patterns in Art Collections with Spatially-consistent Feature Learning.pdf}
}

@incollection{tassyCLADISTIQUE2012,
  title = {{CLADISTIQUE}},
  booktitle = {{Encyclopædia Universalis}},
  author = {TASSY, Pascal},
  year = {2012},
  month = sep,
  publisher = {Encyclopædia Universalis},
  urldate = {2025-07-24},
  abstract = {La cladistique, ou cladisme, est une méthode de classification biologique qui exprime la phylogénie, c'est-à-dire les relations de parenté existant entre les êtres vivants. Elle repose sur le partage de caractères hérités d'une ascendance commune (ancêtre commun). Élaborée au cours du XXe siècle, la cladistique est venue bouleverser la classification classique, alors fondée sur de simples ressemblances (appartenance à un même biotope, même mode d'alimentation...). Ce changement est tel que certains regroupements comme les invertébrés, les reptiles et les poissons ont disparu de cette nouvelle classification car ils n'expriment pas la phylogénie.},
  copyright = {Encyclopædia Universalis France. Tous droits de propriété industrielle et intellectuelle réservés.},
  langid = {french},
  annotation = {Level: Avancé},
  file = {/home/lucie-ledieu/snap/zotero-snap/common/Zotero/storage/FM59SI99/cladistique.html}
}

@unpublished{texteTHryrlmjsTRemaniement1401,
  type = {{manuscript}},
  title = {{تحرير المجسطى « Remaniement de l'Almageste », par Naṣîr al-Dîn Moḥammad ibn Moḥammad al-Ṭoûsî.}},
  author = {du {texte}, MUḤAMMAD ibn Muḥammad al-Ṭūsī (Naṣīr al-Dīn Abū Ğaʿfar) Auteur and du {texte}, PTOLÉMÉE Auteur},
  year = {1401-1500},
  urldate = {2025-07-23},
  abstract = {تحرير المجسطى « Remaniement de l'Almageste », par Naṣîr al-Dîn Moḥammad ibn Moḥammad al-Ṭoûsî. -- 1401-1500 -- manuscrits},
  copyright = {domaine public},
  langid = {french},
  file = {/home/lucie-ledieu/snap/zotero-snap/common/Zotero/storage/6N5IVYI9/btv1b52511308q.html}
}

@article{tihonLivreRetrouveCommentaire1987,
  title = {Le Livre {{V}} Retrouvé Du {{Commentaire}} à l'{{Almageste}} de {{Théon}} d'{{Alexandrie}}},
  author = {Tihon, Anne},
  year = {1987},
  journal = {L'Antiquité Classique},
  volume = {56},
  number = {1},
  pages = {201--218},
  publisher = {L'Antiquité Classique},
  doi = {10.3406/antiq.1987.2208},
  urldate = {2025-07-23},
  abstract = {Le livre V du Commentaire à l'Almageste de Théon d'Alexandrie (ca 364 p. C.) était considéré comme perdu à l'exception de quelques chapitres. L'auteur a retrouvé la presque totalité du Livre V en marge de l'Almageste dans le Vaticanus gr. 198. L'article donne la liste des chapitres et analyse l'exemple du calcul de la longitude de la Lune pris le 5 janvier 323 p. C.},
  copyright = {free}
}

@misc{TraductionLatineLAlmageste,
  title = {{Traduction latine de l'Almageste de Ptolémée par Gérard de Crémone}},
  journal = {BnF Essentiels},
  urldate = {2025-07-23},
  abstract = {Ce manuscrit de l’Almageste de Claude Ptolémée, traduit en latin par Gérard de Crémone (1114-1187), a été copié à Paris en 1213 et annoté avec soin. L’initiale...},
  howpublished = {https://essentiels.bnf.fr/fr/image/9c790ae1-7ad3-47dc-96d3-82aaf7eaf2df-traduction-latine-lalmageste-ptolemee-par-gerard-cremone},
  langid = {french},
  file = {/home/lucie-ledieu/snap/zotero-snap/common/Zotero/storage/5WJGU8G2/9c790ae1-7ad3-47dc-96d3-82aaf7eaf2df-traduction-latine-lalmageste-ptolemee-par-gerard-cremone.html}
}

@incollection{universalisMOHAMMADNASIRALDIN2008,
  title = {{MOḤAMMAD NAṢĪR AL-DĪN AL ṬŪSĪ - (1201-1274)}},
  booktitle = {{Encyclopædia Universalis}},
  author = {Universalis},
  year = {2008},
  month = jun,
  publisher = {Encyclopædia Universalis},
  urldate = {2025-07-23},
  abstract = {Mohammad Nasir al-Din al-Tūsi est un philosophe, scientifique et mathématicien persan, né le 18 février 1201 à Tūs (Tous) au nord-est de l’Iran (auj. province du Khorasan-e Razavi) et mort le 26 juin 1274 à Bagdad.},
  copyright = {Encyclopædia Universalis France. Tous droits de propriété industrielle et intellectuelle réservés.},
  langid = {french},
  annotation = {Level: Avancé},
  file = {/home/lucie-ledieu/snap/zotero-snap/common/Zotero/storage/9YKCVEU5/mohammad-nasir-al-din-al-tusi-1201-1274.html}
}

@incollection{verdetHELIOCENTRISME2008,
  title = {{HÉLIOCENTRISME}},
  booktitle = {{Encyclopædia Universalis}},
  author = {VERDET, Jean-Pierre},
  year = {2008},
  month = jan,
  publisher = {Encyclopædia Universalis},
  urldate = {2025-07-23},
  abstract = {On désigne par héliocentrisme le système cosmologique qui place le Soleil au centre du monde, la Terre prenant sa place entre Vénus et Mars, tournant sur elle-même et faisant une révolution autour du Soleil comme les autres planètes.},
  copyright = {Encyclopædia Universalis France. Tous droits de propriété industrielle et intellectuelle réservés.},
  langid = {french},
  annotation = {Level: Avancé},
  file = {/home/lucie-ledieu/snap/zotero-snap/common/Zotero/storage/8RKS385Y/heliocentrisme.html}
}

@incollection{verdetLaubeLastronomieLaurore1990,
  title = {De l'aube de l'astronomie à l'aurore de l'astrophysique},
  booktitle = {Une Histoire de l'astronomie},
  author = {Verdet, Jean-Pierre},
  year = {1990},
  series = {Points},
  publisher = {Editions du Seuil},
  address = {Paris}
}
